 @manual{afflo,
      title  = "Afflo.io Product Features",
      author = "",
      note   = "\url{https://web.archive.org/web/20220428004926/https://afflo.io/en/features}",
      year   = "April 22, 2022 (accessed April 22, 2022)"
    } 
    
    @manual{opentransplant,
      title  = "",
      author = "",
      note   = "\url{https://github.com/wiredsister/OpenTransplant/}",
      year   = "April 22, 2022"
    }
    
    @manual{otter,
      title  = "https://caredx.com/products-and-services/digital-transplant-solutions/ottr-organ/",
      author = "",
      note   = "\url{https://web.archive.org/web/20210812072459/https://caredx.com/products-and-services/digital-transplant-solutions/ottr-organ/}",
      year   = "April 22, 2022"
    }